@misc{0001-pdf,
      author = "André Ponce de Leon F. de Carvalho",
      title = "Algoritmos Genéticos",
      url = "http://www2.icmc.usp.br/~andre/research/genetic/",
      year = 2013
}

% Campos opcionais: 
	%volume   = "",
	%number   = "",
	%pages    = "",
	%month    = "",
	%note     = "",
@article{0002-pdf,
    author    = "Marco Aurélio Pacheco and Ricardo Fukasawa",
    title     = "Resolução do problema do entregador viajante",
    journal   = "Revista de Inteligência Computacional Aplicada",
	number	  = "4",
    year      = "2010"
}

@misc{0003-pdf,
      author = "ICA DEE/PUC-Rio",
      title = "Desenvolvimento de um Algoritmo Genético",
      year = "2008",
      url = "http://www.fermentas.com/techinfo/nucleicacids/maplambda.htm"
}

@techreport{0004-pdf,
    author    = "Marco Aurélio Cavalcanti Pacheco",
    title     = "ALGORITMOS GENÉTICOS: PRINCÍPIOS E APLICAÇÕES",
    institution = "Pontifícia Universidade Católica do Rio de Janeiro",
    year      = "1999",
    month    = "julho"
}

% Campos opcionais:
% Optional fields: address, month, keywords, note.
@phdthesis{0005-pdf,
	author		= "Luciele Wu",
	title		= "O problema de roteirização periódica de veículos",
	year		= "2007",
	school		= "Escola Politécnica da Universidade de São Paulo. Departamento de Engenharia de Transportes."
}

@phdthesis{0006-pdf,
	author		= "Patrícia Prado Belfiore",
	title		= "Scatter search para Problemas de Roteirização de Veículos
				   com Frota Heterogênea, Janelas de Tempo e Entregas Fracionadas.",
	year		= "2006",
	school		= "Escola Politécnica da Universidade de São Paulo. Departamento de Engenharia de Produção."
}

% Campos opcionais: 
	%volume   = "",
	%number   = "",
	%pages    = "",
	%month    = "",
	%note     = "",
@article{0007-pdf,
    author    = "Brenda Cheang and Xiang Gao and Andrew Lim and Hu Qin and Wenbin Zhu",
    title     = "Multiple pickup and delivery traveling salesman problem with last-in-first-out loading and distance constraints",
    journal   = "elsevier",
    year      = "2012",
	month     = "junho",
	pages	  = "60--75"	
}

% Campos opcionais: 
	%volume   = "",
	%number   = "",
	%pages    = "",
	%month    = "",
	%note     = "",
@article{0008-pdf,
    author    = "Marisol Correia",
    title     = "Algoritmos Genéticos",
    journal   = "dosalgarves",
    year      = "2003",
	month     = "junho",
	pages	  = "36--43"	
}

@article{0009-pdf,
	author		= "Flavia Konowalenko and Paula Francis Benevides and Deise Maria Bertholdi Costa and Angela Olandoski Barboza and Luiz Fernando Nunes",
	title		= "APLICAçãO DE UM ALGORITMO GENÉTICO PARA O PROBLEMA DO CARTEIRO CHINÊS EM UMA SITUAÇÃO REAL DE COBERTURA DE ARCOS",
	journal		= "Revista Ingeniería Industrial",
	year		= "2012",
	pages		= "27--36"
}

@article{0010-pdf,
	author 	= "Paula Francis Benevides and Flavia Konowalenko and Deise Maria Bertholdi Costa and Luiz Fernando Nunes and Angela Olandoski Barboza",
	title 	= "Aplicação e análise de alguns procedimentos de
construção de rota para o problema do caixeiro viajante",
	journal = "Revista Ingeniería Industrial",
	year 	= "2012",
	pages	= "17--25"
}

@article{0011-pdf,
	author 	= "Mohammad Sedighpour and Majid Yousefikhoshbakht and Narges Mahmoodi Darani",
	title 	= "An Effective Genetic Algorithm for Solving the Multiple Traveling Salesman Problem",
	journal = "Journal of Optimization in Industrial Engineering",
	year 	= "2011",
	pages	= "73--79" 
}

% Campos opcionais:
% Optional fields: address, month, keywords, note.
@mastersthesis{0012-pdf,
	author		= "Neli Gomes Lisboa Malaquias",
	title		= "Uso dos algoritmos genéticos para a otimização de rotas de distribuição",
	year		= "2006",
	school		= "Universidade Federal de Uberlândia"
}

% Campos opcionais:
% Optional fields: address, month, keywords, note.
@mastersthesis{0013-pdf,
	author		= "CARLOS EDUARDO DI GIACOMO ARAÚJO",
	title		= "ALGORITMOS GENÉTICOS HÍBRIDOS SEM
DELIMITADORES DE ROTAS PARA PROBLEMAS DE
ROTEIRIZAÇÃO DE VEÍCULOS",
	year		= "2008",
	school		= "Universidade de São Paulo"
}

@article{0014-pdf,
	author 	= "Edson A. R. Barros and Sergio V. D. Pamboukian and Lincoln C. Zamboni",
	title 	= "ALGORITMO DE DIJKSTRA: APOIO DIDÁTICO E MULTIDISCIPLINAR NA
IMPLEMENTAÇÃO, SIMULAÇÃO E UTILIZAÇÃO COMPUTACIONAL",
	journal = "International Conference on Engineering and Computer Education",
	year 	= "2007",
	month   = "Março",		
	address = " São Paulo",
	organization = "ICECE" 
}

@article{0015-pdf,
	author 	= "Stefan ARNBORG and Andrzej PROSKUROWSKI",
	title 	= "LINEAR TIME ALGORITHMS FOR NP-HARD PROBLEMS
RESTRICTED TO PARTIAL k-TREES",
	journal = "Elsevier Science Publishers",
	year 	= "1989",
	month   = "Março" 
}
@phdthesis{dissertation,
	author		= "Arthur E. Carter",
	title		= "Design and Application of Genetic Algorithms for the Multiple
Traveling Salesperson Assignment Problem",
	year		= "2003",
	school		= "Virginia Polytechnic Institute and State University"
}
@misc{tsplib,
      author = "Office of Naval Research",
      title = "The Traveling Salesman Problem",
      year = "2014",
      url = "http://www.math.uwaterloo.ca/tsp/index.html"
}
@misc{nn,
      author = "Flávio Keidi Miyazawa",
      title = "Otimização",
      year = "2002",
      organization = "IC - UNICAMP",
      url = "http://www.ic.unicamp.br/~fkm/lectures/otimo.pdf"
}

@article{meioAmbiente,
    author  = "Ireni Paula da Silva Dias and Mônica Yukie Kuwahara",
    title   = "Sistema de transporte público urbano da RMSP e seus impactos ambientais",
    journal = "Jovens Pesquisadores",
    year    = "2009",
    month   = "Janeiro"
}

@misc{john,
      author = "John H. Holland",
      title = "Adaptation in Natural and Artificial Systems",
      year = "1975",
      publisher = "University of Michigan Press"
}
%TravelingSalesmanProblemTheoryandApplications
@misc{TravelingTheory,
      author = "Donald Davendra",
      title = "Traveling Salesman Problem, Theory, and Applications",
      year = "2010",
      mouth = "Dezembro",
      publisher = "InTech"
}
%LKH
@misc{LKH,
      author = "Keld Helsgaun",
      title = "An Effective Implementation of K-opt Moves
for the Lin-Kernighan TSP Heuristic",
      year = "2007",
      mouth = "Novembro",
      publisher = "Roskilde University"
}

@misc{THREAD,
      author = "Abraham Silberschatz",
      title = "Sistemas operacionais com Java",
      year = "2008",
      local = "Rio de Janeiro",
      publisher = "Elsevier"
}